
@article{wagner2020,
  title={Bayesian calibration and sensitivity analysis of heat transfer models for fire insulation panels},
  author={Wagner, P-R and Fahrni, Reto and Klippel, Michael and Frangi, Andrea and Sudret, Bruno},
  journal={Engineering structures},
  volume={205},
  pages={110063},
  year={2020},
  publisher={Elsevier}
}